@article{openXMPP,
  title={An open standard for instant messaging: eXtensible Messaging and Presence Protocol (XMPP)},
  author={Pin Nie},
  organization={Helsinki University of Technology},
  year={2006},
  URL={https://www.expo-centre.ae/Expo_backend/uploads/nie_ready.pdf}
},
@INPROCEEDINGS{xmppOverview,  
author={A. {Hornsby} and R. {Walsh}},  
booktitle={IEEE International Symposium on Consumer Electronics (ISCE 2010)}, 
title={From instant messaging to cloud computing, an XMPP review},   
year={2010},  
volume={},  
number={},  
pages={1-6},
}
@INPROCEEDINGS{xmppEXT,
  author={O. {Ozturk}},
  booktitle={2010 International Symposium on Collaborative Technologies and Systems},
  title={Introduction to XMPP protocol and developing online collaboration applications using open source software and libraries},
  year={2010},
  volume={},
  number={},
  pages={21-25}
},
@ARTICLE{xmppLessons,
author={P. {Saint-Andre}},
journal={IEEE Communications Magazine},
title={XMPP: lessons learned from ten years of XML messaging},
year={2009},
volume={47},
number={4},
pages={92-96},
}
@article{signal,
  title={A Comparison of Secure Messaging Protocols and Implementations},
  author={Aulon Mujaj},
  organization={University Of OSLO},
  year={2017},
  URL={https://www.duo.uio.no/handle/10852/56906}
},
@misc{signalDoc,
 howpublished = "\url{https://signal.org/docs/}"
}
@misc{signalDoc,
 howpublished = "\url{https://xmpp.org/extensions/xep-0001.html}"
}
@MISC{xmpp-arch,
   author =       {M. Jones},
   title =        {Meet the Extensible Messaging and Presence Protocol (XMPP)},
   editor =       {developer.ibm.com},
   month =        {September},
   year =         {2009},
   note = {\href{https://developer.ibm.com/technologies/messaging/tutorials/x-xmppintro/}{developer.ibm.com} {[Online; posted 15-September-2009]}},
 }
@article{article,
author = {Karpisek, F and Baggili, Ibrahim and Breitinger, Frank},
year = {2015},
month = {10},
pages = {},
title = {WhatsApp network forensics: Decrypting and understanding the WhatsApp call signaling messages},
volume = {15},
journal = {Digital Investigation},
doi = {10.1016/j.diin.2015.09.002}
}
@inproceedings{inproceedings,
author = {Vanerio, Juan and Casas, Pedro},
year = {2016},
month = {08},
pages = {13-15},
title = {WhatsApp Calling: a Revised Analysis on WhatsApp's Architecture and Calling Service},
doi = {10.1145/2940116.2940132}
}
@INPROCEEDINGS{csna,
author={K. {Singh} and P. {Goyal}},
booktitle={2011 15th International Conference on Intelligence in Next Generation Networks},
title={CSNA: A Social networking solution for RCS and mobile user},
year={2011},
volume={},
number={},
pages={191-195},
}
@INPROCEEDINGS{4801860,
author={L. A. {Cutillo} and R. {Molva} and T. {Strufe}},
booktitle={2009 Sixth International Conference on Wireless On-Demand Network Systems and Services},
title={Privacy preserving social networking through decentralization},
year={2009},
volume={},
number={},
pages={145-152},
}
@MISC{rcs-google,
   author =       {Jorge Serna},
   title =        {Google RCS is not trying to fight WhatsApp},
   month =        {April},
   year =         {2018},
   url = {https://hackernoon.com/google-rcs-is-not-trying-to-fight-whatsapp-a35ced0d1871},
   note = {[Online; posted 29-April-2018]},
}
@MISC{rcs-wiki,
   title =        {Rich Communication Services},
   url = {https://en.wikipedia.org/wiki/Rich_Communication_Services},
}
@MISC{xmpp-whatsapp,
   title =  {The WhatApp Architecture Facebook Bought for 19 Billion Dollars},
   month = {February},
   year = {2014},
   url = {http://highscalability.com/blog/2014/2/26/the-whatsapp-architecture-facebook-bought-for-19-billion.html},
   note = {[Online; posted 26-February-2014]},
}
@MISC{rcs-vs-whatsapp,
   author = {Jimmy Westenberg},
   title =  {RCS vs WhatsApp: Thoughts from a long-time WhatsApp user},
   month = {November},
   year = {2019},
   url = {https://www.androidauthority.com/rcs-vs-whatsapp-1051157/},
   note = {[Online; posted 6-November-2019]},
}
@article{BACCARELLA2018431,
title = "Social media? It's serious! Understanding the dark side of social media",
journal = "European Management Journal",
volume = "36",
number = "4",
pages = "431 - 438",
year = "2018",
issn = "0263-2373",
doi = "https://doi.org/10.1016/j.emj.2018.07.002",
url = "http://www.sciencedirect.com/science/article/pii/S0263237318300781",
author = "Christian V. Baccarella and Timm F. Wagner and Jan H. Kietzmann and Ian P. McCarthy",
}
@MISC{SOLID,
   title =        {SOLID},
   url = {https://solid.mit.edu/},
}
@MISC{prot-buff,
   title =        {Google's Protocol Buffers},
   url = {https://developers.google.com/protocol-buffers},
}
@MISC{co-facts,
   title = {Taiwan's digital minister on combatting disinformation without censorship},
   month = {May},
   year  = {2019},
   author = {Steven Butler,Iris Hsu/CPJ},
   url = {https://cpj.org/blog/2019/05/qa-taiwans-digital-minister-on-combatting-disinfor.php},
}
@MISC{polis,
   title = {Taiwan is making democracy work again. It's time we paid attention},
   month = {11},
   year  = {2019},
   author = {Carl Miller},
   url = {https://www.wired.co.uk/article/taiwan-democracy-social-media},
}
@MISC{google-xmpp,
   title = {Google moves away from the XMPP open-messaging standard},
   month = {05},
   year  = {2013},
   author = {Steven},
   url = {https://www.zdnet.com/article/google-moves-away-from-the-xmpp-open-messaging-standard/},
}
@MISC{medium,
   title = {Why should someone leave XMPP?},
   month = {3},
   year = {2018},
   author = {Amri},
   url = {https://medium.com/@amrishodiq/why-should-someone-leave-xmpp-7a77d53e679d}
}
@MISC{quora-1,
   url = {https://www.quora.com/What-are-the-advantages-and-limitations-of-XMPP-Extensible-Messaging-and-Presence-Protocol}
}
@MISC{quora-2,
   url = {https://www.quora.com/Why-didnt-Facebook-Chat-Message-use-XMPP-Jabber-like-other-IMs}
}